@inproceedings{goguen:introduction,
 title = "An Introduction to Algebraic Semiotics, with Applications to User Interface Design",
 author = "Joseph Goguen",
 booktitle = "Computation for Metaphor, Analogy and Agents",
 volume = "1562",
 editor = "Chrystopher Nehaniv",
 pages = "242--291",
 publisher = "Springer Lecture Notes in Artificial Intelligence",
 year = "1999",
 }

@inproceedings{goguen:information,
 title = "Information Visualization and Semiotic Morphisms",
 author = "Joseph Goguen and D.~Fox Harrell",
 booktitle = "Multidisciplinary Approaches to Visual Representations and Interpretations",
 editor = "Grant Malcolm",
 pages = "93--106",
 publisher = "Elsevier",
 year = "2004",
 isbn = "0-444-51463-5",
 summary = "An informal introduction to the notion of semiotic morphism from the field of algebraic semiotics, showing how information visualization, in both analysis and design, can benefit from a viewpoint based on structure-preserving morphisms.",
 }
